@article{miller2017,
  title={Understanding the price effects of the MillerCoors joint venture},
  author={Miller, Nathan H and Weinberg, Matthew C},
  journal={Econometrica},
  volume={85},
  number={6},
  pages={1763--1791},
  year={2017},
  publisher={Wiley Online Library}
}


@misc{aetna,
  author = "{United States District Court for the District of Columbia}",
  title  = "{United States et al. v. AETNA INC et al.}",
  year   = 2017,
  url = "https://www.justice.gov/opa/press-release/file/930361/download",
  note   = "\url{https://www.justice.gov/opa/press-release/file/930361/download}, last checked on 2018-09-05",
}

